@article{COCO_article,
    author = {{Tsung-Yi Lin}, {Michael Maire}, {Serge Belongie}, {James Hays}, {Pietro Perona}, {Deva Ramanan}, {C. Lawrence Zitnick}, {Piotr Dollar}},
    title = {Microsoft COCO: Common Objects in Context},
    year = "2014"
}

@online {validation_vs_testing,
    author = {Jason Brownlee},
    title = {What is the Difference Between Test and Validation Datasets?},
    url = {https://machinelearningmastery.com/,difference-test-validation-datasets/},
    addendum = {(accessed: 17.2.2021)}
}

@article{survey_1,
  author          = {{Qi Dang}, {Jianqin Yin}, {Bin Wang}, {Wenqing Zheng}},
  title           = {Deep Learning Based 2D Human Pose Estimation: A Survey},
  volume          = {6},
  number          = {24},
  year            = {December 2019}
}